@article{Pineda_2021,
	doi = {10.1103/physreva.104.042218},
  	url = {https://doi.org/10.1103%2Fphysreva.104.042218},
  	year = 2021,
	month = {oct},
  	publisher = {American Physical Society ({APS})},
  	volume = {104},
  	number = {4},
  	author = {Carlos Pineda and David Davalos and Carlos Viviescas and Antonio Rosado},
  	title = {Fuzzy measurements and coarse graining in quantum many-body systems},
  	journal = {Physical Review A}
}

@book{nielsen_chuang_2010, 
    place={Cambridge}, 
    title={Quantum Computation and Quantum Information: 10th Anniversary Edition},
    DOI={10.1017/CBO9780511976667}, publisher={Cambridge University Press},
    author={Nielsen, Michael A. and Chuang, Isaac L.}, 
    year={2010}}


@book{gomez2010introduccion,
  title={Introducci{\'o}n al formalismo de la mec{\'a}nica cu{\'a}ntica no relativista},
  author={G{\'o}mez, Mar{\'\i}a Carolina Spinel},
  year={2010},
  publisher={Universidad Nacional de Colombia}
}

@Inbook{Hall2013,
author="Hall, Brian C.",
title="Systems and Subsystems, Multiple Particles",
bookTitle="Quantum Theory for Mathematicians",
year="2013",
publisher="Springer New York",
address="New York, NY",
pages="419--440",
abstract="Up to this point, we have considered the state of a quantum system to be described by a unit vector in the corresponding Hilbert space, or more properly, an equivalence class of unit vectors under the equivalence relation {\$}{\$}{\backslash}psi{\$}{\$}∼ ei $\theta${\$}{\$}{\backslash}psi{\$}{\$}. We will see in this section that this notion of the state of a quantum system is too limited. We will introduce a more general notion of the state of a system, described by a density matrix. The special case in which the system can be described by a unit vector will be called a pure state.",
isbn="978-1-4614-7116-5",
doi="10.1007/978-1-4614-7116-5_19",
url="https://doi.org/10.1007/978-1-4614-7116-5_19"
}

@article{wilde2011classical,
  title={{From classical to quantum Shannon theory}},
  author={Wilde, Mark M},
  journal={arXiv:1106.1445},
  year={2011}
}
  
@book{sakurai2017modern,
  title={Modern Quantum Mechanics},
  author={Sakurai, J.J. and Napolitano, J.},
  isbn={9781108422413},
  url={https://books.google.com.gt/books?id=010yDwAAQBAJ},
  year={2017},
  publisher={Cambridge University Press}
}


@book{2007geometry,
  title={Geometry of Quantum States: An Introduction to Quantum Entanglement},
  author={Bengtsson, I. and Zyczkowski, K.},
  isbn={9781139453462},
  url={https://books.google.com.gt/books?id=aA4vXMbuOTUC},
  year={2007},
  publisher={Cambridge University Press}
}

@misc{preskill2020quantum,
  title={{Lecture Notes for Physics: Quantum Information and Computation, Chapter 3}},
  author={Preskill, John},
  year={2015},
  howpublished = "\url{http://theory.caltech.edu/~preskill/ph229/index.html}"
  
}
@misc{unm2014,
  howpublished = "\url{http://info.phys.unm.edu/~caves/courses/qinfo-f14/lectures/lectures17-20.pdf}",
  title        = {{Lecture Notes for Quantum Information Theory: Quantum dynamics. III–VI. Superoperators and completely positive maps.}},
  year         = {2014}
}

@book{peres1997quantum,
  title={Quantum theory: concepts and methods},
  author={Peres, Asher},
  volume={72},
  year={1997},
  publisher={Springer}
}


@book{jaeger2007quantum,
  title={Quantum information},
  author={Jaeger, Gregg},
  year={2007},
  publisher={Springer}
}

@article{gisin2023towards,
  title={Towards a measurement theory in QFT:" Impossible" quantum measurements are possible but not ideal},
  author={Gisin, Nicolas and Del Santo, Flavio},
  journal={arXiv preprint arXiv:2311.13644},
  year={2023}
}
